<collection xmlns="http://www.loc.gov/MARC21/slim"><record><leader>00688nam  2200205   450</leader><controlfield tag="001">88</controlfield><controlfield tag="003">http://montalegre.opacnet.com/OPAC/default.aspx?ContentAreaControl=ShowRegHoldings.ascx&amp;RegNo=16662</controlfield><datafield tag="095" ind1=" " ind2=" "><subfield code="a">PTBN00138139</subfield></datafield><datafield tag="100" ind1=" " ind2=" "><subfield code="a">20061013d1958    m  y0pory010305  ba</subfield></datafield><datafield tag="101" ind1="1" ind2=" "><subfield code="a">por</subfield><subfield code="c">eng</subfield></datafield><datafield tag="102" ind1=" " ind2=" "><subfield code="a">PT</subfield></datafield><datafield tag="200" ind1="1" ind2=" "><subfield code="a">&lt;O &gt;encanto de Lorna Doone</subfield><subfield code="e">romance</subfield><subfield code="f">Richard D. Blackmore</subfield><subfield code="g">trad. Leyguarda Ferreira</subfield></datafield><datafield tag="205" ind1=" " ind2=" "><subfield code="a">2ª ed</subfield></datafield><datafield tag="210" ind1=" " ind2=" "><subfield code="a">Lisboa</subfield><subfield code="c">Romano Torres</subfield><subfield code="d">1958</subfield></datafield><datafield tag="215" ind1=" " ind2=" "><subfield code="a">318, [1] p.</subfield><subfield code="d">20 cm</subfield></datafield><datafield tag="675" ind1=" " ind2=" "><subfield code="a">821</subfield><subfield code="v">BN</subfield><subfield code="z">por</subfield></datafield><datafield tag="700" ind1=" " ind2="1"><subfield code="a">Blackmore</subfield><subfield code="b">R. D</subfield><subfield code="f">1825-1900</subfield></datafield><datafield tag="702" ind1=" " ind2="1"><subfield code="a">Ferreira</subfield><subfield code="b">Leyguarda</subfield><subfield code="f">1897</subfield><subfield code="4">730</subfield></datafield><datafield tag="801" ind1=" " ind2="0"><subfield code="a">PT</subfield><subfield code="b">Biblioteca Municipal de Montalegre</subfield><subfield code="g">RPC</subfield></datafield><datafield tag="856" ind1=" " ind2=" "><subfield code="u">locateMedia.asp?cod=20060508152412&amp;ext=jpg</subfield><subfield code="z">CAPA</subfield></datafield><datafield tag="909" ind1="&#9;" ind2=" "><subfield code="a">1</subfield></datafield><datafield tag="966" ind1=" " ind2=" "><subfield code="a">0008362</subfield><subfield code="l">BMM</subfield><subfield code="s">SCG 821 BLA enc</subfield></datafield></record></collection>